@book{modernCompiler,
	title={Modern Compiler Implementation in Java, Second Edition},
	author={Andrew W. Appel and Jens Palsberg},
	year={2002},
	publisher={Cambridge University Press}
}

@misc{computationalModel,
	title={A complete description of a programming language includes the computational model, the syntax and semantics of programs, and the pragmatic considerations that shape the language},
	key = {Anthony A. Aaby},
	howpublished={Dosegljivo: \url{http://www.emu.edu.tr/aelci/Courses/D-318/D-318-Files/plbook/intro.htm}},
	note = {[Dostopano: 9.1.2018]},
}

@book{compilersPrinciples,
	title={Compilers, Principles, Techniques and Tools, Second Edition},
	author={Alfred V. Aho, Monica S. Lam, Ravi Sethi, Jeffrey D. Ullman},
	year={2007},
	publisher={Greg Tobin}
}

@misc{tiobeIndex,
	title={Programming language popularity index},
	howpublished={Dosegljivo: \url{https://www.tiobe.com/tiobe-index/}},
	note = {[Dostopano: 9.1.2018]},
}

@misc{compilerStructure,
	title={Modern compiler structure},
	howpublished={Dosegljivo: \url{http://anstoques.blogspot.si/2013/05/show-different-phases-of-compiler-with.html}},
	note = {[Dostopano: 9.1.2018]},
}

@misc{stackFrames,
	title={Stack frames},
	howpublished={Dosegljivo: \url{https://loonytek.com/2015/04/28/call-stack-internals-part-1/}},
	note = {[Dostopano: 9.1.2018]},
}

@misc{Atheris,
	title={Atheris Chlorechis},
	howpublished={Dosegljivo: \url{https://qph.ec.quoracdn.net/main-qimg-6ee9bd139819545a1af652b204b5dc2e]}},
	note = {[Dostopano: 9.1.2018]},
}

@misc{LLVM,
	title={LLVM},
	howpublished={Dosegljivo: \url{https://en.wikipedia.org/wiki/LLVM}},
	note = {[Dostopano: 14.1.2018]},
}
